<?xml version="1.0" encoding="UTF-8"?>
<zs:searchRetrieveResponse xmlns:zs="http://www.loc.gov/zing/srw/">
  <zs:version>1.1</zs:version>
  <zs:numberOfRecords>12</zs:numberOfRecords>
  <zs:records>
    <zs:record>
      <zs:recordSchema/>
      <zs:recordPacking>xml</zs:recordPacking>
      <zs:recordData>
        <record xmlns="http://www.loc.gov/MARC21/slim">
          <leader>06551cam a2200529 i 4500</leader>
          <controlfield tag="001">19454254</controlfield>
          <controlfield tag="005">20180904152036.0</controlfield>
          <controlfield tag="008">170113s2017    nyua     b    001 0 eng c</controlfield>
          <datafield tag="906" ind1=" " ind2=" ">
            <subfield code="a">7</subfield>
            <subfield code="b">cbc</subfield>
            <subfield code="c">pccadap</subfield>
            <subfield code="d">2</subfield>
            <subfield code="e">epcn</subfield>
            <subfield code="f">20</subfield>
            <subfield code="g">y-gencatlg</subfield>
          </datafield>
          <datafield tag="925" ind1="0" ind2=" ">
            <subfield code="a">acquire</subfield>
            <subfield code="b">1 shelf copy</subfield>
            <subfield code="x">policy default</subfield>
          </datafield>
          <datafield tag="955" ind1=" " ind2=" ">
            <subfield code="a">pc17 2017-01-13</subfield>
            <subfield code="b">rl09 2017-09-05 z-processor</subfield>
            <subfield code="i">rl09 2017-09-13 ; to Dewey</subfield>
          </datafield>
          <datafield tag="010" ind1=" " ind2=" ">
            <subfield code="a">  2017931076</subfield>
          </datafield>
          <datafield tag="016" ind1="7" ind2=" ">
            <subfield code="a">101704873</subfield>
            <subfield code="2">DNLM</subfield>
          </datafield>
          <datafield tag="020" ind1=" " ind2=" ">
            <subfield code="a">9781493968381</subfield>
            <subfield code="q">(alk. paper)</subfield>
          </datafield>
          <datafield tag="020" ind1=" " ind2=" ">
            <subfield code="a">1493968386</subfield>
            <subfield code="q">(alk. paper)</subfield>
          </datafield>
          <datafield tag="020" ind1=" " ind2=" ">
            <subfield code="z">9781493968404 (eBook)</subfield>
          </datafield>
          <datafield tag="035" ind1=" " ind2=" ">
            <subfield code="a">(OCoLC)ocn962005585</subfield>
          </datafield>
          <datafield tag="040" ind1=" " ind2=" ">
            <subfield code="a">NLM</subfield>
            <subfield code="b">eng</subfield>
            <subfield code="c">NLM</subfield>
            <subfield code="e">rda</subfield>
            <subfield code="d">SEA</subfield>
            <subfield code="d">OCLCF</subfield>
            <subfield code="d">STF</subfield>
            <subfield code="d">YDX</subfield>
            <subfield code="d">OCLCO</subfield>
            <subfield code="d">NLM</subfield>
            <subfield code="d">OCLCO</subfield>
            <subfield code="d">DLC</subfield>
          </datafield>
          <datafield tag="042" ind1=" " ind2=" ">
            <subfield code="a">pcc</subfield>
          </datafield>
          <datafield tag="050" ind1="0" ind2="0">
            <subfield code="a">T174.7</subfield>
            <subfield code="b">.B558 2017</subfield>
          </datafield>
          <datafield tag="060" ind1="0" ind2="0">
            <subfield code="a">W1</subfield>
            <subfield code="b">ME9616J v.1570 2017</subfield>
          </datafield>
          <datafield tag="060" ind1="1" ind2="0">
            <subfield code="a">QT 25</subfield>
          </datafield>
          <datafield tag="130" ind1="0" ind2=" ">
            <subfield code="a">Biomedical nanotechnology (Hurst Petrosko)</subfield>
          </datafield>
          <datafield tag="245" ind1="1" ind2="0">
            <subfield code="a">Biomedical nanotechnology :</subfield>
            <subfield code="b">methods and protocols /</subfield>
            <subfield code="c">edited by Sarah Hurst Petrosko, Department of Chemistry and International Institute for Nanotechnology, Northwestern University, Evanston, IL, USA, Emily S. Day, Department of Biomedical Engineering, University of Delaware, Newark, DE, USA.</subfield>
          </datafield>
          <datafield tag="250" ind1=" " ind2=" ">
            <subfield code="a">Second edition.</subfield>
          </datafield>
          <datafield tag="264" ind1=" " ind2="1">
            <subfield code="a">New York :</subfield>
            <subfield code="b">Humana Press,</subfield>
            <subfield code="c">[2017]</subfield>
          </datafield>
          <datafield tag="300" ind1=" " ind2=" ">
            <subfield code="a">xiv, 341 pages :</subfield>
            <subfield code="b">illustrations ;</subfield>
            <subfield code="c">27 cm.</subfield>
          </datafield>
          <datafield tag="336" ind1=" " ind2=" ">
            <subfield code="a">text</subfield>
            <subfield code="b">txt</subfield>
            <subfield code="2">rdacontent</subfield>
          </datafield>
          <datafield tag="337" ind1=" " ind2=" ">
            <subfield code="a">unmediated</subfield>
            <subfield code="b">n</subfield>
            <subfield code="2">rdamedia</subfield>
          </datafield>
          <datafield tag="338" ind1=" " ind2=" ">
            <subfield code="a">volume</subfield>
            <subfield code="b">nc</subfield>
            <subfield code="2">rdacarrier</subfield>
          </datafield>
          <datafield tag="490" ind1="1" ind2=" ">
            <subfield code="a">Methods in molecular biology,</subfield>
            <subfield code="x">1064-3745 ;</subfield>
            <subfield code="v">1570</subfield>
          </datafield>
          <datafield tag="490" ind1="1" ind2=" ">
            <subfield code="a">Springer protocols</subfield>
          </datafield>
          <datafield tag="504" ind1=" " ind2=" ">
            <subfield code="a">Includes bibliographical references and index.</subfield>
          </datafield>
          <datafield tag="520" ind1=" " ind2=" ">
            <subfield code="a">"This second edition volume provides an overview of some of the types of nanostructures commonly used in nanobiomedicine. The chapters in this book discuss practical information on the synthesis and characterization of a variety of solution-phase and surface-bound nanomaterials, with examples of how they can be used in sensing, imaging, and therapeutics. Specific topics include the synthesis and characterization of molecule and biomolecule-functionalized nanoconjugates with gold, iron oxide, or polymeric cores; the development of biosensing, imaging, and therapeutic applications of multicomponent/multifunctional nanostructures; and the application of flow cytometry in nanobiomedicine. Written in the highly successful Methods in Molecular Biology series format, chapters include introductions to their respective topics, lists of the necessary materials and reagents, step-by-step, readily reproducible laboratory protocols, and tips on troubleshooting and avoiding known pitfalls" --</subfield>
            <subfield code="c">Cover.</subfield>
          </datafield>
          <datafield tag="505" ind1="0" ind2="0">
            <subfield code="t">Quantification of siRNA duplexes bound to gold nanoparticle surfaces /</subfield>
            <subfield code="r">Jilian R. Melamed, Rachel S. Riley, Danielle M. Valcourt, Margaret M. Billingsley, Nicole L. Kreuzberger, and Emily S. Day --</subfield>
            <subfield code="t">Ligand exchange and 1H NMR quantification of singleand mixed-moiety thiolated ligand shells on gold nanoparticles /</subfield>
            <subfield code="r">Ashley M. Smith and Jill E. Millstone --</subfield>
            <subfield code="t">Nanoparticle tracking analysis for determination of hydrodynamic diameter, concentration, and zeta-potential of polyplex nanoparticles /</subfield>
            <subfield code="r">David R. Wilson and Jordan J. Green --</subfield>
            <subfield code="t">Magnetic characterization of iron oxide nanoparticles for biomedical applications /</subfield>
            <subfield code="r">Lorena Maldonado-Camargo, Mythreyi Unni, and Carlos Rinaldi --</subfield>
            <subfield code="t">Preparation of magnetic nanoparticles for biomedical applications /</subfield>
            <subfield code="r">Xiaolian Sun and Shouheng Sun --</subfield>
            <subfield code="t">Brain-penetrating nanoparticles for analysis of the brain microenvironment /</subfield>
            <subfield code="r">Elizabeth Nance --</subfield>
            <subfield code="t">Volumetric bar-chart chips for biosensing /</subfield>
            <subfield code="r">Yujun Song, Ying Li, and Lidong Qin --</subfield>
            <subfield code="t">qFlow cytometry-based receptoromic screening : a high-throughput quantification approach informing biomarker selection and nanosensor development /</subfield>
            <subfield code="r">Si Chen, Jared Weddell, Pavan Gupta, Grace Conard, James Parkin, and Princess I. Imoukhuede --</subfield>
            <subfield code="t">Evaluating nanoparticle binding to blood compartment immune cells in high-throughput with flow cytometry /</subfield>
            <subfield code="r">Shann S. Yu --</subfield>
            <subfield code="t">Gold@polydopamine core-shell nanoprobe for long-term intracellular detection of MicroRNAs in differentiating stem cells /</subfield>
            <subfield code="r">Chun Kit K. Choi, Chung Hang J. Choi, and Liming Bian --</subfield>
            <subfield code="t">Antibody-conjugated single quantum dot tracking of membrane neurotransmitter transporters in primary neuronal cultures /</subfield>
            <subfield code="r">Danielle M. Bailey, Oleg Kovtun, and Sandra J. Rosenthal --</subfield>
            <subfield code="t">Spectroscopic photoacoustic imaging of gold nanorods /</subfield>
            <subfield code="r">Austin Van Namen and Geoffrey P. Luke --</subfield>
            <subfield code="t">Dual wavelength-triggered gold nanorods for anticancer treatment /</subfield>
            <subfield code="r">Dennis B. Pacardo, Frances S. Ligler, and Zhen Gu --</subfield>
            <subfield code="t">Photolabile self-immolative DNA-drug nanostructures /</subfield>
            <subfield code="r">Xuyu Tan and Ke Zhang --</subfield>
            <subfield code="t">Enzyme-responsive nanoparticles for the treatment of disease /</subfield>
            <subfield code="r">Cassandra E. Callmann and Nathan C. Gianneschi --</subfield>
            <subfield code="t">NanoScript : a versatile nanoparticle-based synthetic transcription factor for innovative gene manipulation /</subfield>
            <subfield code="r">Kholud Dardir, Christopher Rathnam, and KiBum Lee --</subfield>
            <subfield code="t">Glucose-responsive insulin delivery by microneedle-array patches loaded with hypoxia-sensitive vesicles /</subfield>
            <subfield code="r">Jicheng Yu, Yuqi Zhang, and Zhen Gu --</subfield>
            <subfield code="t">Electrospun nanofiber scaffolds and their hydrogel composites for the engineering and regeneration of soft tissues /</subfield>
            <subfield code="r">Ohan S. Manoukian, Rita Matta, Justin Letendre, Paige Collins, Augustus D. Mazzocca, and Sangamesh G. Kumbar --</subfield>
            <subfield code="t">Application of hydrogel template strategy in ocular drug delivery /</subfield>
            <subfield code="r">Crystal S. Shin, Daniela C. Marcano, Kinam Park, and Ghanashyam Acharya --</subfield>
            <subfield code="t">High-accuracy determination of cytotoxic responses from graphene oxide exposure using imaging flow cytometry /</subfield>
            <subfield code="r">Sandra Vranic and Kostas Kostarelos --</subfield>
            <subfield code="t">Air-liquid interface Cell exposures to nanoparticle aerosols /</subfield>
            <subfield code="r">Nastassja A. Lewinski, Nathan J. Liu, Akrivi Asimakopoulou, Eleni Papaioannou, Athanasios Konstandopoulos, and Michael Riediker --</subfield>
            <subfield code="t">Returning to the patent landscapes for nanotechnology : assessing the garden that it has grown into /</subfield>
            <subfield code="r">Diana M. Bowman, Douglas J. Sylvester, and Anthony D. Marino.</subfield>
          </datafield>
          <datafield tag="650" ind1=" " ind2="0">
            <subfield code="a">Nanotechnology.</subfield>
          </datafield>
          <datafield tag="650" ind1=" " ind2="0">
            <subfield code="a">Biomedical engineering.</subfield>
          </datafield>
          <datafield tag="650" ind1="1" ind2="2">
            <subfield code="a">Nanotechnology.</subfield>
          </datafield>
          <datafield tag="650" ind1="2" ind2="2">
            <subfield code="a">Biomedical Engineering.</subfield>
          </datafield>
          <datafield tag="655" ind1=" " ind2="2">
            <subfield code="a">Laboratory Manuals.</subfield>
          </datafield>
          <datafield tag="650" ind1=" " ind2="7">
            <subfield code="a">Biomedical engineering.</subfield>
            <subfield code="2">fast</subfield>
            <subfield code="0">(OCoLC)fst00832568</subfield>
          </datafield>
          <datafield tag="650" ind1=" " ind2="7">
            <subfield code="a">Nanotechnology.</subfield>
            <subfield code="2">fast</subfield>
            <subfield code="0">(OCoLC)fst01032639</subfield>
          </datafield>
          <datafield tag="700" ind1="1" ind2=" ">
            <subfield code="a">Hurst Petrosko, Sarah,</subfield>
            <subfield code="e">editor.</subfield>
          </datafield>
          <datafield tag="700" ind1="1" ind2=" ">
            <subfield code="a">Day, Emily S.,</subfield>
            <subfield code="e">editor.</subfield>
          </datafield>
          <datafield tag="830" ind1=" " ind2="0">
            <subfield code="a">Springer protocols (Series)</subfield>
          </datafield>
          <datafield tag="830" ind1=" " ind2="0">
            <subfield code="a">Methods in molecular biology (Clifton, N.J.) ;</subfield>
            <subfield code="v">1570.</subfield>
            <subfield code="x">1064-3745</subfield>
          </datafield>
          <datafield tag="856" ind1="4" ind2="1">
            <subfield code="z">Available to Stanford-affiliated users at:</subfield>
            <subfield code="u">http://www.springerprotocols.com/BookToc/doi/10.1007/978-1-4939-6840-4</subfield>
            <subfield code="x">purchased</subfield>
          </datafield>
        </record>
      </zs:recordData>
      <zs:recordPosition>1</zs:recordPosition>
    </zs:record>