
    <zs:record>
      <zs:recordSchema/>
      <zs:recordPacking>xml</zs:recordPacking>
      <zs:recordData>
        <record xmlns="http://www.loc.gov/MARC21/slim">
          <leader>01101cas a2200277u| 4500</leader>
          <controlfield tag="001">7862911</controlfield>
          <controlfield tag="005">20050624101446.0</controlfield>
          <controlfield tag="008">811210n        dcu  |||||||||||| ||eng| </controlfield>
          <datafield tag="035" ind1=" " ind2=" ">
            <subfield code="9">(DLC)agr44000041</subfield>
          </datafield>
          <datafield tag="906" ind1=" " ind2=" ">
            <subfield code="a">0</subfield>
            <subfield code="b">cbc</subfield>
            <subfield code="c">premunv</subfield>
            <subfield code="d">u</subfield>
            <subfield code="e">ncip</subfield>
            <subfield code="f">19</subfield>
            <subfield code="g">y-gencatlg</subfield>
          </datafield>
          <datafield tag="010" ind1=" " ind2=" ">
            <subfield code="a">agr44000041 </subfield>
          </datafield>
          <datafield tag="040" ind1=" " ind2=" ">
            <subfield code="a">DLC</subfield>
            <subfield code="c">CarP</subfield>
            <subfield code="d">DLC</subfield>
          </datafield>
          <datafield tag="050" ind1="0" ind2="0">
            <subfield code="a">Z5701</subfield>
            <subfield code="b">.U5</subfield>
          </datafield>
          <datafield tag="110" ind1="1" ind2=" ">
            <subfield code="a">United States.</subfield>
            <subfield code="b">National Agricultural Library. [from old catalog]</subfield>
          </datafield>
          <datafield tag="245" ind1="1" ind2="0">
            <subfield code="a">Cotton literature: selected references.</subfield>
          </datafield>
          <datafield tag="260" ind1=" " ind2=" ">
            <subfield code="a">Washington,</subfield>
            <subfield code="b">[n. d.]</subfield>
          </datafield>
          <datafield tag="300" ind1=" " ind2=" ">
            <subfield code="a">12 v.</subfield>
            <subfield code="c">27 cm.</subfield>
          </datafield>
          <datafield tag="310" ind1=" " ind2=" ">
            <subfield code="a">Unknown</subfield>
          </datafield>
          <datafield tag="590" ind1=" " ind2=" ">
            <subfield code="a">PREMARC/SERLOC merged record</subfield>
          </datafield>
          <datafield tag="650" ind1=" " ind2="0">
            <subfield code="a">Cotton</subfield>
            <subfield code="x">Bibliography</subfield>
            <subfield code="x">Periodicals. [from old catalog]</subfield>
          </datafield>
          <datafield tag="700" ind1="1" ind2=" ">
            <subfield code="a">Day, Emily Louise. [from old catalog]</subfield>
          </datafield>
          <datafield tag="780" ind1="0" ind2="0">
            <subfield code="n">SERLOC preceding entry</subfield>
            <subfield code="t">United States. Bureau of Agricultural Economics. Division of Cotton Marketing.  Current literature on cotton; selected references</subfield>
          </datafield>
          <datafield tag="890" ind1=" " ind2=" ">
            <subfield code="a">United States. National Agricultural Library.  Cotton literature; selected references.</subfield>
            <subfield code="i">sv97-10409</subfield>
          </datafield>
          <datafield tag="920" ind1=" " ind2=" ">
            <subfield code="a">Keep 1</subfield>
          </datafield>
          <datafield tag="991" ind1=" " ind2=" ">
            <subfield code="b">c-GenColl</subfield>
            <subfield code="h">Z5701</subfield>
            <subfield code="i">.U5</subfield>
            <subfield code="t">Copy 1</subfield>
            <subfield code="w">PREM</subfield>
          </datafield>
          <datafield tag="992" ind1=" " ind2=" ">
            <subfield code="b">Unk</subfield>
            <subfield code="h">Z5701.U5</subfield>
            <subfield code="w">SERLOC</subfield>
          </datafield>
        </record>
      </zs:recordData>
      <zs:recordPosition>12</zs:recordPosition>
    </zs:record>
  </zs:records>
  <zs:echoedSearchRetrieveRequest>
    <zs:version>1.1</zs:version>
    <zs:query>dc.creator="Day, Emily" or dc.creator="Holgate, Emily"</zs:query>
    <zs:maximumRecords>100</zs:maximumRecords>
    <zs:recordPacking>xml</zs:recordPacking>
  </zs:echoedSearchRetrieveRequest>
</zs:searchRetrieveResponse>
